<?xml version="1.0" encoding="UTF-8"?><collection xmlns="http://www.loc.gov/MARC21/slim"><record><leader>00571nam--2200169-i-4500</leader><controlfield tag="001">000049166</controlfield><controlfield tag="002">20161230</controlfield><controlfield tag="005">20161230201047</controlfield><controlfield tag="008">060222s1000------------r-----000-0-eng-d</controlfield><datafield ind1=" " ind2=" " tag="040"><subfield code="a">IFIN-HH</subfield></datafield><datafield ind1=" " ind2=" " tag="080"><subfield code="a">539(061.3)</subfield></datafield><datafield ind1="1" ind2=" " tag="110"><subfield code="a">Department Of Atomic Energy</subfield></datafield><datafield ind1="1" ind2="0" tag="245"><subfield code="a">Proceedings of the symposium on nuclear physics 1988 bhabha atomic research centre and tata institute of fundamental research bombay</subfield><subfield code="b">Volume 31 a invited papers 1988</subfield></datafield><datafield ind1=" " ind2=" " tag="260"><subfield code="a">Bombay</subfield><subfield code="b">Bhabha Atomic Reserch Centre</subfield><subfield code="c">1988</subfield></datafield><datafield ind1=" " ind2=" " tag="300"><subfield code="a">373P</subfield></datafield><datafield ind1=" " ind2=" " tag="852"><subfield code="a">38355</subfield><subfield code="c">539</subfield></datafield><datafield ind1=" " ind2=" " tag="CAT"><subfield code="a">Sys</subfield><subfield code="c">20111010</subfield><subfield code="h">152029</subfield></datafield></record></collection>